@article{levin_forecast_1980,
    author = {Levin, M and Tsao, Y.-D},
    year = {1980},
    month = {01},
    pages = {47-49},
    title = {On forecasting freeway occupancies and volumes},
    volume = {773},
    journal = {Transportation Research Record}
},

@article{hamed_prediction_1995,
    author = {Hamed, Mohammad and Al-Masaeid, H and M. Bani Said, Zahi},
    year = {1995},
    month = {05},
    pages = {},
    title = {Short-Term Prediction of Traffic Volume in Urban Arterials},
    volume = {121},
    journal = {Journal of Transportation Engineering-asce - J TRANSP ENG-ASCE},
    doi = {10.1061/(ASCE)0733-947X(1995)121:3(249)}
},

@article{voort_series_1996,
    author = {Van der Voort, Mascha and Dougherty, Mark and Watson, Susan},
    year = {1996},
    month = {10},
    pages = {307-318},
    title = {Combining Kohonen maps with ARIMA time series models to forecast traffic flow},
    volume = {4},
    journal = {Transportation Research Part C: Emerging Technologies},
    doi = {10.1016/S0968-090X(97)82903-8}
},

@misc{maps_google_2,
  title = {Google usa dados de usuário para determinar tráfego em cidades},
  url = {https://tecnoblog.net/4172/google-usa-dados-de-usuario-para-determinar-trafego-em-cidades/},
  urldate = {2019-06-12},
  author = {Thássius Veloso},
},

@misc{sindipecas_2019,
  title = {Relatório da Frota Circulante},
  url = {https://www.sindipecas.org.br/sindinews/Economia/2019/RelatorioFrotaCirculante_Maio_2019.pdf},
  urldate = {2019-07-04},
  language = {Portuguese}
},

@misc{stack_2018,
  title = {Developer Survey Results 2018},
  url = {https://insights.stackoverflow.com/survey/2018},
  urldate = {2019-07-05},
},

@incollection{NIPS2014_5423,
    title = {Generative Adversarial Nets},
    author = {Goodfellow, Ian and Pouget-Abadie, Jean and Mirza, Mehdi and Xu, Bing and Warde-Farley, David and Ozair, Sherjil and Courville, Aaron and Bengio, Yoshua},
    booktitle = {Advances in Neural Information Processing Systems 27},
    editor = {Z. Ghahramani and M. Welling and C. Cortes and N. D. Lawrence and K. Q. Weinberger},
    pages = {2672--2680},
    year = {2014},
    publisher = {Curran Associates, Inc.},
    url = {http://papers.nips.cc/paper/5423-generative-adversarial-nets.pdf}
},

@article{zhou_2018,
	title = {{Stock Market Prediction on High-Frequency Data Using Generative Adversarial Nets}},
	author = {Zhou, Xingyu and Pan, Zhisong and Hu, Guyu and Tang, Siqi and Zhao, Cheng},
	journal = {{Mathematical Problems in Engineering}},
	volume = {2018},
	pages = {11},
	url = {10.1155/2018/4907423},
	year = {2018},
},

@article{Felix_1999,
	title = {{Learning to Forget: Continual Prediction with LSTM}},
	author = {Felix A. Gers, Jurgen Schmidhuber, Fred Cummins},
	journal = {{Proc. ICANN'99 Int. Conf. on Artificial Neural Networks}},
	year = {1999},
},

@article{Xiaolei_2015,
	title = {{Long short-term memory neural network for traffic speed
prediction using remote microwave sensor data}},
	author = {Xiaolei Ma, Zhimin Tao, Yinhai Wang, Haiyang Yu,Yunpeng Wang},
	journal = {{Transportation Research Part C 54 (2015) 187–197}},
	year = {2015},
    language = {English}
},

@article{Zainab_2018,
    title = {Short-Term Traffic Prediction Using Long Short-Term Memory Neural Networks},
    author = {Zainab Abbas, Ahmad Al-Shishtawy, Sarunas Girdzijauskas, Vladimir Vlassov},
    journal = {{2018 IEEE International Congress on Big Data}},
    year = {2018},
},
        
@misc{banushev_2019, 
    title={Using the latest advancements in deep learning to predict stock price movements}, 
    url={https://towardsdatascience.com/aifortrading-2edd6fac689d}, 
    journal={Towards Science}, 
    publisher={Medium}, 
    author={Banushev , Boris}, 
    year={2019}, 
    month={Jan}
},

@article{reed2016generative,
    title={Generative adversarial text to image synthesis},
    author={Reed, Scott and Akata, Zeynep and Yan, Xinchen and Logeswaran, Lajanugen and Schiele, Bernt and Lee, Honglak},
    journal={arXiv preprint arXiv:1605.05396},
    year={2016}
},

@inproceedings{he2013improving,
    title={Improving traffic prediction with tweet semantics},
    author={He, Jingrui and Shen, Wei and Divakaruni, Phani and Wynter, Laura and Lawrence, Rick},
    booktitle={Twenty-Third International Joint Conference on Artificial Intelligence},
    year={2013}
},

@inproceedings{wang_2018,
    author = {Wang, Jingyuan and Hu, Fei and Xu, Xiaofei and Wang, Dengbao and Guoqing, Li},
    year = {2018},
    month = {07},
    pages = {1-7},
    title = {A Deep Prediction Model of Traffic Flow Considering Precipitation Impact},
    doi = {10.1109/IJCNN.2018.8489033}
},

@article{turner2018metropolis,
    title={Metropolis-Hastings Generative Adversarial Networks},
    author={Turner, Ryan and Hung, Jane and Saatci, Yunus and Yosinski, Jason},
    journal={arXiv preprint arXiv:1811.11357},
    year={2018}
},

@article{lv_6894591, 
    title={Traffic Flow Prediction With Big Data: A Deep Learning Approach},
    author={Y. {Lv} and Y. {Duan} and W. {Kang} and Z. {Li} and F. {Wang}}, 
    journal={IEEE Transactions on Intelligent Transportation Systems}, 
    year={2015}, 
    volume={16}, 
    number={2}, 
    pages={865-873}, 
    keywords={Big Data;intelligent transportation systems;learning (artificial intelligence);traffic engineering computing;traffic flow prediction method;Big Data;deep learning approach;traffic flow information;intelligent transportation system;spatial correlation;temporal correlation;stacked autoencoder model;deep architecture model;Predictive models;Autoregressive processes;Training;Biological system modeling;Adaptation models;Traffic control;Artificial neural networks;Deep learning;stacked autoencoders (SAEs);traffic flow prediction;Deep learning;stacked autoencoders (SAEs);traffic flow prediction}, 
    doi={10.1109/TITS.2014.2345663}, 
    ISSN={1524-9050}, 
    month={April}
},

@article{esteban2017real,
    title={Real-valued (medical) time series generation with recurrent conditional gans},
    author={Esteban, Crist{\'o}bal and Hyland, Stephanie L and R{\"a}tsch, Gunnar},
    journal={arXiv preprint arXiv:1706.02633},
    year={2017}
},

@inproceedings{chen2016infogan,
    title={Infogan: Interpretable representation learning by information maximizing generative adversarial nets},
    author={Chen, Xi and Duan, Yan and Houthooft, Rein and Schulman, John and Sutskever, Ilya and Abbeel, Pieter},
    booktitle={Advances in neural information processing systems},
    pages={2172--2180},
    year={2016}
},

@article{christian,
    title={Photo-Realistic Single Image Super-Resolution Using a Generative Adversarial Network},
    author={Christian Ledig, Lucas Theis, Ferenc Huszar, Jose Caballero, Andrew Cunningham, Alejandro Acosta, Andrew Aitken, Alykhan Tejani, Johannes Totz, Zehan Wang, Wenzhe Shi},
    year = {2017}
},

@inproceedings{odena2017conditional,
    title={Conditional image synthesis with auxiliary classifier gans},
    author={Odena, Augustus and Olah, Christopher and Shlens, Jonathon},
    booktitle={Proceedings of the 34th International Conference on Machine Learning-Volume 70},
    pages={2642--2651},
    year={2017},
    organization={JMLR. org}
},