@book{alex2012,
	title        = {Supervised Sequence Labelling with Recurrent Neural Networks},
	author       = {Graves, Alex},
	year         = 2012,
	month        = 1,
	journal      = {Stud Comput Intell},
	volume       = 385,
	pages        = {},
	doi          = {10.1007/978-3-642-24797-2}
}
@misc{banushev_2019,
	title        = {Using the latest advancements in deep learning to predict stock price movements},
	author       = {Banushev , Boris},
	year         = 2019,
	month        = jan,
	journal      = {Towards Science},
	publisher    = {Medium},
	url          = {https://towardsdatascience.com/aifortrading-2edd6fac689d}
}
@article{Breiman:1996:BP:231986.231989,
	title        = {Bagging Predictors},
	author       = {Breiman, Leo},
	year         = 1996,
	month        = aug,
	journal      = {Mach. Learn.},
	publisher    = {Kluwer Academic Publishers},
	address      = {Hingham, MA, USA},
	volume       = 24,
	number       = 2,
	pages        = {123--140},
	doi          = {10.1023/A:1018054314350},
	issn         = {0885-6125},
	url          = {http://dx.doi.org/10.1023/A:1018054314350},
	issue_date   = {Aug. 1996},
	numpages     = 18,
	acmid        = 231989,
	keywords     = {aggregation, averaging, bootstrap, combining}
}
@article{Breiman:2001:RF:570181.570182,
	title        = {Random Forests},
	author       = {Breiman, Leo},
	year         = 2001,
	month        = oct,
	journal      = {Mach. Learn.},
	publisher    = {Kluwer Academic Publishers},
	address      = {Norwell, MA, USA},
	volume       = 45,
	number       = 1,
	pages        = {5--32},
	doi          = {10.1023/A:1010933404324},
	issn         = {0885-6125},
	url          = {https://doi.org/10.1023/A:1010933404324},
	issue_date   = {October 1 2001},
	numpages     = 28,
	acmid        = 570182,
	keywords     = {classification, ensemble, regression}
}
@article{CHERKASSKY2004113,
	title        = {Practical selection of SVM parameters and noise estimation for SVM regression},
	author       = {Vladimir Cherkassky and Yunqian Ma},
	year         = 2004,
	journal      = {Neural Networks},
	volume       = 17,
	number       = 1,
	pages        = {113--126},
	doi          = {https://doi.org/10.1016/S0893-6080(03)00169-2},
	issn         = {0893-6080},
	url          = {http://www.sciencedirect.com/science/article/pii/S0893608003001692}
}
@article{cho2014,
	title        = {Learning Phrase Representations using {RNN} Encoder-Decoder for Statistical Machine Translation},
	author       = {Kyunghyun Cho and Bart van Merrienboer and {\c{C}}aglar G{\"{u}}l{\c{c}}ehre and Fethi Bougares and Holger Schwenk and Yoshua Bengio},
	year         = 2014,
	journal      = {CoRR},
	volume       = {abs/1406.1078},
	url          = {http://arxiv.org/abs/1406.1078},
	archiveprefix = {arXiv},
	eprint       = {1406.1078},
	timestamp    = {Mon, 13 Aug 2018 16:46:44 +0200},
	biburl       = {https://dblp.org/rec/bib/journals/corr/ChoMGBSB14},
	bibsource    = {dblp computer science bibliography, https://dblp.org}
}
@book{chollet2018deep,
	title        = {Deep learning with Python},
	author       = {Chollet, Francois},
	year         = 2018,
	publisher    = {Manning Publications}
}
@article{christian,
	title        = {Photo-Realistic Single Image Super-Resolution Using a Generative Adversarial Network},
	author       = {Christian Ledig, Lucas Theis, Ferenc Huszar, Jose Caballero, Andrew Cunningham, Alejandro Acosta, Andrew Aitken, Alykhan Tejani, Johannes Totz, Zehan Wang, Wenzhe Shi},
	year         = 2017
}
@article{chung2014empirical,
	title        = {Empirical evaluation of gated recurrent neural networks on sequence modeling},
	author       = {Chung, Junyoung and Gulcehre, Caglar and Cho, KyungHyun and Bengio, Yoshua},
	year         = 2014,
	journal      = {arXiv preprint arXiv:1412.3555}
}
@misc{detran_2018,
	title        = {Frota de veículos do Distrito Federal nos últimos 10 anos},
	url          = {http://dados.gov.br/dataset/frota-de-veiculos-do-distrito-federal-nos-ultimos-10-anos},
	urldate      = {2019-10-10}
}
@phdthesis{diego_2016,
	title        = {Estimativa da retenção e disponibilidade de água nos solos do Estado de Santa Catarina},
	author       = {Bortolini, Diego},
	year         = 2016,
	month        = 2,
	pages        = {},
	doi          = {10.13140/RG.2.2.27639.62885}
}
@article{doi:10.1080/01441647.2014.992496,
	title        = {Short-term Travel-time Prediction on Highway: A Review of the Data-driven Approach},
	author       = {Simon Oh and Young-Ji Byon and Kitae Jang and Hwasoo Yeo},
	year         = 2015,
	journal      = {Transport Reviews},
	publisher    = {Routledge},
	volume       = 35,
	number       = 1,
	pages        = {4--32},
	doi          = {10.1080/01441647.2014.992496},
	url          = {https://doi.org/10.1080/01441647.2014.992496},
	eprint       = {https://doi.org/10.1080/01441647.2014.992496}
}
@article{doi:10.1162/neco.1997.9.8.1735,
	title        = {Long Short-Term Memory},
	author       = {Hochreiter, Sepp and Schmidhuber, Jürgen},
	year         = 1997,
	journal      = {Neural Computation},
	volume       = 9,
	number       = 8,
	pages        = {1735--1780},
	doi          = {10.1162/neco.1997.9.8.1735},
	url          = {https://doi.org/10.1162/neco.1997.9.8.1735}
}
@book{Dorian_1999,
	title        = {Data Preparation for Data Mining},
	author       = {Dorian Pyle},
	year         = 1999,
	publisher    = {Morgan Kaufmann Publishers, Inc.}
}
@article{esteban2017real,
	title        = {Real-valued (medical) time series generation with recurrent conditional gans},
	author       = {Esteban, Crist{\'o}bal and Hyland, Stephanie L and R{\"a}tsch, Gunnar},
	year         = 2017,
	journal      = {arXiv preprint arXiv:1706.02633}
}
@article{Felix_1999,
	title        = {{Learning to Forget: Continual Prediction with LSTM}},
	author       = {Felix A. Gers, Jurgen Schmidhuber, Fred Cummins},
	year         = 1999,
	journal      = {{Proc. ICANN'99 Int. Conf. on Articial Neural Networks}}
}
@inproceedings{fu2016using,
	title        = {Using LSTM and GRU neural network methods for traffic flow prediction},
	author       = {Fu, Rui and Zhang, Zuo and Li, Li},
	year         = 2016,
	booktitle    = {2016 31st Youth Academic Annual Conference of Chinese Association of Automation (YAC)},
	pages        = {324--328},
	organization = {IEEE}
}
@misc{G1,
	title        = {Brasil já tem 1 carro a cada 4 habitantes, diz Denatran},
	url          = {http://www.and.org.br/brasil-ja-tem-1-carro-a-cada-4-habitantes-diz-denatran/},
	urldate      = {2019-10-10}
}
@article{Greff_2015,
	title        = {LSTM: A search space odyssey},
	author       = {Klaus Greff, Rupesh K. Srivastava, Jan Koutn´ık, Bas R. Steunebrink, Jurgen Schmidhuber},
	year         = 2015,
	month        = mar,
	journal      = {IEEE Transactions on Neural Networks and Learning Systems}
}
@article{hamed_prediction_1995,
	title        = {Short-Term Prediction of Traffic Volume in Urban Arterials},
	author       = {Hamed, Mohammad and Al-Masaeid, H and M. Bani Said, Zahi},
	year         = 1995,
	month        = 5,
	journal      = {Journal of Transportation Engineering-asce - J TRANSP ENG-ASCE},
	volume       = 121,
	pages        = {},
	doi          = {10.1061/(ASCE)0733-947X(1995)121:3(249)}
}
@article{hastie2005elements,
	title        = {The elements of statistical learning: data mining, inference and prediction},
	author       = {Hastie, Trevor and Tibshirani, Robert and Friedman, Jerome and Franklin, James},
	year         = 2005,
	journal      = {The Mathematical Intelligencer},
	publisher    = {Springer},
	volume       = 27,
	number       = 2,
	pages        = {83--85}
}
@inproceedings{he2013improving,
	title        = {Improving traffic prediction with tweet semantics},
	author       = {He, Jingrui and Shen, Wei and Divakaruni, Phani and Wynter, Laura and Lawrence, Rick},
	year         = 2013,
	booktitle    = {Twenty-Third International Joint Conference on Artificial Intelligence}
}
@inproceedings{ho_1995,
	title        = {Random decision forests},
	author       = {{Tin Kam Ho}},
	year         = 1995,
	month        = aug,
	booktitle    = {Proceedings of 3rd International Conference on Document Analysis and Recognition},
	volume       = 1,
	number       = {},
	pages        = {278--282 vol.1},
	doi          = {10.1109/ICDAR.1995.598994},
	issn         = {null},
	keywords     = {handwriting recognition;optical character recognition;decision theory;random decision forests;decision trees;generalization accuracy;complexity;suboptimal accuracy;stochastic modeling;tree-based classifiers;handwritten digits;Classification tree analysis;Decision trees;Training data;Optimization methods;Testing;Tin;Stochastic processes;Handwriting recognition;Hidden Markov models;Multilayer perceptrons}
}
@misc{hochreiter2001gradient,
	title        = {Gradient flow in recurrent nets: the difficulty of learning long-term dependencies},
	author       = {Hochreiter, Sepp and Bengio, Yoshua and Frasconi, Paolo and Schmidhuber, J{\"u}rgen and others},
	year         = 2001,
	publisher    = {A field guide to dynamical recurrent neural networks. IEEE Press}
}
@article{hou2014traffic,
	title        = {Traffic flow forecasting for urban work zones},
	author       = {Hou, Yi and Edara, Praveen and Sun, Carlos},
	year         = 2014,
	journal      = {IEEE transactions on intelligent transportation systems},
	publisher    = {IEEE},
	volume       = 16,
	number       = 4,
	pages        = {1761--1770}
}
@article{Hu2016,
	title        = {A Short-term Traffic Flow Forecasting Method Based on the Hybrid PSO-SVR},
	author       = {Hu, Wenbin and Yan, Liping and Liu, Kaizeng and Wang, Huan},
	year         = 2016,
	month        = feb,
	day          = 1,
	journal      = {Neural Processing Letters},
	volume       = 43,
	number       = 1,
	pages        = {155--172},
	doi          = {10.1007/s11063-015-9409-6},
	issn         = {1573-773X},
	url          = {https://doi.org/10.1007/s11063-015-9409-6}
}
@inproceedings{inproceedings,
	title        = {Adaptive Normalization: A novel data normalization approach for non-stationary time series},
	author       = {Ogasawara, Eduardo and Martinez, Leonardo and de Oliveira, Daniel and Silva, Geraldo and Pappa, Gisele and Mattoso, Marta},
	year         = 2010,
	month        = 7,
	journal      = {Proceedings of the International Joint Conference on Neural Networks},
	pages        = {1--8},
	doi          = {10.1109/IJCNN.2010.5596746}
}
@article{lana_2018,
	title        = {Road Traffic Forecasting: Recent Advances and New Challenges},
	author       = {I. {Lana} and J. {Del Ser} and M. {Velez} and E. I. {Vlahogianni}},
	year         = 2018,
	month        = {Summer},
	journal      = {IEEE Intelligent Transportation Systems Magazine},
	volume       = 10,
	number       = 2,
	pages        = {93--109},
	doi          = {10.1109/MITS.2018.2806634},
	issn         = {}
}
@article{levin_forecast_1980,
	title        = {On forecasting freeway occupancies and volumes},
	author       = {Levin, M and Tsao, Y.-D},
	year         = 1980,
	month        = 1,
	journal      = {Transportation Research Record},
	volume       = 773,
	pages        = {47--49}
}
@article{luo2019traffic,
	title        = {{Traffic Flow Prediction during the Holidays Based on DFT and SVR}},
	author       = {Luo, Xianglong and Li, Danyang and Zhang, Shengrui},
	year         = 2019,
	journal      = {{Journal of Sensors}},
	volume       = 2019,
	pages        = 10,
	url          = {10.1155/2019/6461450}
}
@article{lv_6894591,
	title        = {Traffic Flow Prediction With Big Data: A Deep Learning Approach},
	author       = {Y. {Lv} and Y. {Duan} and W. {Kang} and Z. {Li} and F. {Wang}},
	year         = 2015,
	month        = apr,
	journal      = {IEEE Transactions on Intelligent Transportation Systems},
	volume       = 16,
	number       = 2,
	pages        = {865--873},
	doi          = {10.1109/TITS.2014.2345663},
	issn         = {1524-9050},
	keywords     = {Big Data;intelligent transportation systems;learning (artificial intelligence);traffic engineering computing;traffic flow prediction method;Big Data;deep learning approach;traffic flow information;intelligent transportation system;spatial correlation;temporal correlation;stacked autoencoder model;deep architecture model;Predictive models;Autoregressive processes;Training;Biological system modeling;Adaptation models;Traffic control;Artificial neural networks;Deep learning;stacked autoencoders (SAEs);traffic flow prediction;Deep learning;stacked autoencoders (SAEs);traffic flow prediction}
}
@misc{mapa_moto2019v2,
	title        = {Mapa da Motorização Individual no Brasil 2019},
	url          = {https://www.observatoriodasmetropoles.net.br/wp-content/uploads/2019/09/mapa_moto2019v2.pdf},
	urldate      = {2019-11-19}
}
@misc{maps_google_2,
	title        = {Google usa dados de usuário para determinar tráfego em cidades},
	author       = {Thássius Veloso},
	url          = {https://tecnoblog.net/4172/google-usa-dados-de-usuario-para-determinar-trafego-em-cidades/},
	urldate      = {2019-06-12}
}
@book{Mitchell_1997,
	title        = {Machine Learning},
	author       = {Mitchell, Tom M.},
	year         = 1997,
	publisher    = {McGraw-Hill Science/Engineering/Math; (March 1, 1997)}
}
@book{murphy2012machine,
	title        = {Machine learning: a probabilistic perspective},
	author       = {Murphy, Kevin P},
	year         = 2012,
	publisher    = {MIT press}
}
@article{Seoul,
	title        = {Long Short-Term Memory Recurrent Neural Network for Urban Traffic Prediction: A Case Study of Seoul},
	author       = {Yong-Ju Lee and OkGee Min},
	year         = 2018,
	journal      = {2018 21st International Conference on Intelligent Transportation Systems (ITSC)}
}
@article{shokri_2015,
	title        = {Improvement of the Prediction Performance of a Soft Sensor Model Based on Support Vector Regression for Production of Ultra-Low Sulfur Diesel},
	author       = {Shokri, Saeid and Sadeghi, Mohammad and Ahmadi Marvast, Mahdi and Narasimhan, Shankar},
	year         = 2015,
	month        = 1,
	journal      = {Petroleum Science},
	pages        = {},
	doi          = {10.1007/s12182-014-0010-9}
}
@misc{sindipecas_2019,
	title        = {Relatório da Frota Circulante},
	url          = {https://www.sindipecas.org.br/sindinews/Economia/2019/RelatorioFrotaCirculante_Maio_2019.pdf},
	urldate      = {2019-07-04},
	language     = {Portuguese}
}
@techreport{Smola03atutorial,
	title        = {A Tutorial on Support Vector Regression},
	author       = {Alex J. Smola and Bernhard Schölkopf},
	year         = 2003,
	institution  = {STATISTICS AND COMPUTING}
}
@misc{stack_2018,
	title        = {Developer Survey Results 2018},
	url          = {https://insights.stackoverflow.com/survey/2018},
	urldate      = {2019-07-05}
}
@article{Tashman_2000,
	title        = {Out-of sample tests of forecasting accuracy: a tutorial and review},
	author       = {Len Tashman},
	year         = 2000,
	journal      = {International Journal of Forecasting}
}
@article{Vitor_2019,
	title        = {Evaluating time series forecasting models: An empirical study on performance estimation methods},
	author       = {Vitor Cerqueira and  Luis Torgo and  Igor Mozetic},
	year         = 2019
}
@inproceedings{wang_2018,
	title        = {A Deep Prediction Model of Traffic Flow Considering Precipitation Impact},
	author       = {Wang, Jingyuan and Hu, Fei and Xu, Xiaofei and Wang, Dengbao and Guoqing, Li},
	year         = 2018,
	month        = 7,
	pages        = {1--7},
	doi          = {10.1109/IJCNN.2018.8489033}
}
@article{weiss2018,
	title        = {On the Practical Computational Power of Finite Precision RNNs for Language Recognition},
	author       = {Gail Weiss and Yoav Goldberg and Eran Yahav},
	year         = 2018,
	journal      = {CoRR},
	volume       = {abs/1805.04908},
	url          = {http://arxiv.org/abs/1805.04908},
	archiveprefix = {arXiv},
	eprint       = {1805.04908},
	timestamp    = {Mon, 13 Aug 2018 16:48:39 +0200},
	biburl       = {https://dblp.org/rec/bib/journals/corr/abs-1805-04908},
	bibsource    = {dblp computer science bibliography, https://dblp.org}
}
@article{Xiaolei_2015,
	title        = {{Long short-term memory neural network for traffic speed prediction using remote microwave sensor data}},
	author       = {Xiaolei Ma, Zhimin Tao, Yinhai Wang, Haiyang Yu,Yunpeng Wang},
	year         = 2015,
	journal      = {{Transportation Research Part C 54 (2015) 187–197}},
	language     = {English}
}
@inproceedings{xu2013short,
	title        = {Short-term traffic volume prediction using classification and regression trees},
	author       = {Xu, Yanyan and Kong, Qing-Jie and Liu, Yuncai},
	year         = 2013,
	booktitle    = {2013 IEEE Intelligent Vehicles Symposium (IV)},
	pages        = {493--498},
	organization = {IEEE}
}
@article{Zainab_2018,
	title        = {Short-Term Traffic Prediction Using Long Short-Term Memory Neural Networks},
	author       = {Zainab Abbas, Ahmad Al-Shishtawy, Sarunas Girdzijauskas, Vladimir Vlassov},
	year         = 2018,
	journal      = {{2018 IEEE International Congress on Big Data}}
}
@article{zhou_2018,
	title        = {{Stock Market Prediction on High-Frequency Data Using Generative Adversarial Nets}},
	author       = {Zhou, Xingyu and Pan, Zhisong and Hu, Guyu and Tang, Siqi and Zhao, Cheng},
	year         = 2018,
	journal      = {{Mathematical Problems in Engineering}},
	volume       = 2018,
	pages        = 11,
	url          = {10.1155/2018/4907423}
}
